@article{fister2013brief,
title="A brief review of nature-inspired algorithms for optimization",
author="Fister Jr, Iztok and Yang, Xin-She and Fister, Iztok and Brest, Janez and Fister, Dusan",
journal={arXiv preprint arXiv:1307.4186},
year="2013"
}